<?xml version="1.0" encoding="UTF-8"?><collection xmlns="http://www.loc.gov/MARC21/slim"><record><leader>00518nam--2200181-i-4500</leader><controlfield tag="001">000019074</controlfield><controlfield tag="002">20161230</controlfield><controlfield tag="005">20161230201033</controlfield><controlfield tag="008">060222s1000------------r-----000-0-eng-d</controlfield><datafield ind1=" " ind2=" " tag="040"><subfield code="a">IFIN-HH</subfield></datafield><datafield ind1=" " ind2=" " tag="080"><subfield code="a">537</subfield></datafield><datafield ind1="1" ind2=" " tag="100"><subfield code="a">Faraday, Michael</subfield></datafield><datafield ind1="1" ind2="0" tag="245"><subfield code="a">Experimental research in electricity</subfield><subfield code="c">Michael faraday</subfield></datafield><datafield ind1=" " ind2=" " tag="260"><subfield code="a">New York</subfield><subfield code="b">Dover Publications, Inc</subfield><subfield code="c">1965</subfield></datafield><datafield ind1=" " ind2=" " tag="300"><subfield code="a">IN THREE VOLUMES BOUND AS TWO</subfield></datafield><datafield ind1="1" ind2=" " tag="787"><subfield code="a">Volume Iii</subfield><subfield code="h">Viii + 588 P. + 4 Fig</subfield></datafield><datafield ind1=" " ind2=" " tag="852"><subfield code="a">28678</subfield><subfield code="c">4537:538</subfield></datafield><datafield ind1=" " ind2=" " tag="CAT"><subfield code="a">Sys</subfield><subfield code="c">20110614</subfield><subfield code="h">163010</subfield></datafield></record></collection>